[gd_scene load_steps=6 format=2]

[ext_resource path="res://Project/assets/BalsamiqSans-Bold.ttf" type="DynamicFontData" id=1]
[ext_resource path="res://Project/assets/Coin1.png" type="Texture" id=2]
[ext_resource path="res://HUD.gd" type="Script" id=3]

[sub_resource type="StyleBoxFlat" id=1]
bg_color = Color( 0.407843, 0.396078, 0.396078, 1 )
corner_radius_top_left = 8
corner_radius_top_right = 8
corner_radius_bottom_right = 8
corner_radius_bottom_left = 8

[sub_resource type="DynamicFont" id=2]
size = 40
outline_size = 1
outline_color = Color( 0.00784314, 0.00784314, 0.00784314, 1 )
use_filter = true
font_data = ExtResource( 1 )

[node name="HUD" type="CanvasLayer"]
script = ExtResource( 3 )

[node name="Panel" type="Panel" parent="."]
anchor_right = 1.0
anchor_bottom = 1.0
margin_left = 835.0
margin_top = 21.0
margin_right = -37.0
margin_bottom = -523.0
custom_styles/panel = SubResource( 1 )
__meta__ = {
"_edit_use_anchors_": false
}

[node name="Sprite" type="Sprite" parent="Panel"]
position = Vector2( 26.1513, 27.8443 )
scale = Vector2( 0.25, 0.25 )
texture = ExtResource( 2 )

[node name="Label" type="Label" parent="Panel"]
margin_left = 56.0
margin_top = 7.36737
margin_right = 118.0
margin_bottom = 55.3674
custom_fonts/font = SubResource( 2 )
custom_colors/font_color = Color( 0.984314, 0.772549, 0.0627451, 1 )
text = "X"
__meta__ = {
"_edit_use_anchors_": false
}

[node name="Panel2" type="Panel" parent="."]
anchor_right = 1.0
anchor_bottom = 1.0
margin_left = 50.0
margin_top = 21.0
margin_right = -673.0
margin_bottom = -523.0
custom_styles/panel = SubResource( 1 )
__meta__ = {
"_edit_use_anchors_": false
}

[node name="HP" type="Label" parent="Panel2"]
margin_left = 15.2379
margin_top = 7.72142
margin_right = 207.238
margin_bottom = 55.7214
custom_fonts/font = SubResource( 2 )
custom_colors/font_color = Color( 0.615686, 0.152941, 0.105882, 1 )
text = "HP"
__meta__ = {
"_edit_use_anchors_": false
}
